01REMESSA01COBRANCA       34096000057657000000AGROPRATINHA S/A              001BANCO DO BRASIL1503240000002                      3239707                                                                                                                                                                                                                                                                  000001
702822708930005833409600005765732397070000096524               323970700000497120000       0190000000     1701000097899 22032400000000117360010000 01N150324010000000000000070000000000000000000000000000000000000000000000248253872000198CRL GASTRONOMIA LTDA                    ROD JOSE CARLOS DAUX, 9301                          88050001FLORIANOPOLIS  SC                                           000002
702822708930005833409600005765732397070000096525               323970700000497220000       0190000000     1701000097889 22032400000000438840010000 01N150324010000000000000290000000000000000000000000000000000000000000000232477314000176ARABESQUE LANCHONETE & RESTAURANTE LT   R VITOR KONDER, 390 LJ 01                           88015400FLORIANOPOLIS  SC                                           000003
702822708930005833409600005765732397070000096526               323970700000497090000       0190000000     1701000097891 22032400000000175200010000 01N150324010000000000000110000000000000000000000000000000000000000000000251201922000106JOSEANE S B DA ROSA                     EST HAROLDO SOARES GLAVAN, 3890                     88050005FLORIANOPOLIS  SC                                           000004
702822708930005833409600005765732397070000096527               323970700000497460000       0190000000     1701000097920 22032400000000109380010000 01N150324010000000000000070000000000000000000000000000000000000000000000285334175000198ADALTO DE MORAIS ALVES                  R FELIPE SCHIMIDT   LARGO FAGUNDES,SN               88010000FLORIANOPOLIS  SC                                           000005
702822708930005833409600005765732397070000096528               323970700000497020000       0190000000     1701000097873 30032400000001168080010000 01N150324010000000000000780000000000000000000000000000000000000000000000216518640000128R & M   SUPERMERCADO LTDA               R JOSE COSME PAMPLONA,SN                            88132700PALHOCA        SC                                           000006
702822708930005833409600005765732397070000096529               323970700000496960000       0190000000     1701000097866 22032400000000881700010000 01N150324010000000000000590000000000000000000000000000000000000000000000216939428000568BRISA COMERCIO DE ALIMENTOS LTDA        AV CRUZ E SOUZA, 530                                88101040SAO JOSE       SC                                           000007
702822708930005833409600005765732397070000096530               323970700000497330000       0190000000     1701000097906 22032400000000176040010000 01N150324010000000000000110000000000000000000000000000000000000000000000224261045000188EDMILSON LUIZ DAUSSEN JUNIOR EIRELI     R PRESIDENTE COUTINHO, 135                          88015230FLORIANOPOLIS  SC                                           000008
702822708930005833409600005765732397070000096531               323970700000497440000       0190000000     1701000097918 22032400000000176040010000 01N150324010000000000000110000000000000000000000000000000000000000000000281371270000100CALDO DE CANA DOIS IRMAOS LTDA          RUA JERONIMO COELHO,60                              88010907FLORIANOPOLIS  SC                                           000009
702822708930005833409600005765732397070000096532               323970700000497530000       0190000000     1701000097927 22032400000000121800010000 01N150324010000000000000080000000000000000000000000000000000000000000000234915192000188LUANA DE MEDEIROS DOS SANTOS            RUA  ALVARO DE CARVALHO, 145                        88010140FLORIANOPOLIS  SC                                           000010
702822708930005833409600005765732397070000096533               323970700000497280000       0190000000     1701000097900 22032400000000117360010000 01N150324010000000000000070000000000000000000000000000000000000000000000204603418000144CRISTIANO ADAIR MATOSO ME               R DURVAL MELQUIADES DE SOUZA,403                    88015070FLORIANOPOLIS  SC                                           000011
702822708930005833409600005765732397070000096534               323970700000497380000       0190000000     1701000097911 18032400000000218760010000 01N150324010000000000000140000000000000000000000000000000000000000000000245066648000107GARNI RESTAURANTE LTDA                  R PADRE ROMA, 291                                   88010090FLORIANOPOLIS  SC                                           000012
702822708930005833409600005765732397070000096535               323970700000497200000       0190000000     1701000097887 18032400000000117360010000 01N150324010000000000000070000000000000000000000000000000000000000000000220928724000107RESTAURANTE CASA VELHA EIRELI           AV HERCILIO LUZ, 1202                               88020001FLORIANOPOLIS  SC                                           000013
702822708930005833409600005765732397070000096536               323970700000497070000       0190000000     1701000097879 18032400000000469440010000 01N150324010000000000000310000000000000000000000000000000000000000000000247847874000142CENTRAL FOOD PARK PALHOCA LTDA          R CAPITAO AUGUSTO VIDAL, 3314                       88131050PALHOCA        SC                                           000014
702822708930005833409600005765732397070000096537               323970700000497390000       0190000000     1701000097912 22032400000000117480010000 01N150324010000000000000070000000000000000000000000000000000000000000000239792555000159CITY CARBONE LTDA                       R ANGELO LA PORTA, 53 LJ 11                         88020600FLORIANOPOLIS  SC                                           000015
702822708930005833409600005765732397070000096538               323970700000497040000       0190000000     1701000097876 22032400000000306900010000 01N150324010000000000000200000000000000000000000000000000000000000000000205736357000156COLEGIO DOM JAIME JR LTDA               RUA BRASILPINHO, 400                                88102300SAO JOSE       SC                                           000016
702822708930005833409600005765732397070000096539               323970700000497370000       0190000000     1701000097910 22032400000000325800010000 01N150324010000000000000210000000000000000000000000000000000000000000000230002796000182DIONE DA CAS BUENO EIRELI               R PADRE ROMA,279                                    88010090FLORIANOPOLIS  SC                                           000017
702822708930005833409600005765732397070000096540               323970700000497000000       0190000000     1701000097871 22032400000000117480010000 01N150324010000000000000070000000000000000000000000000000000000000000000247791787000110JOSIANE CAMPOS DOS SANTOS 02143522002   R DOUTOR CONSTANCIO KRUMMEL, 2290 SAL               88103600SAO JOSE       SC                                           000018
702822708930005833409600005765732397070000096541               323970700000497060000       0190000000     1701000097878 22032400000000176040010000 01N150324010000000000000110000000000000000000000000000000000000000000000224417144000106DIVINA SALSA RESTAURANTE LTDA           R DA UNIVERSIDADE, 346 LJ 12                        88137074PALHOCA        SC                                           000019
702822708930005833409600005765732397070000096542               323970700000497080000       0190000000     1701000097880 22032400000000280800010000 01N150324010000000000000180000000000000000000000000000000000000000000000211141723000127EMPORIO PASTEIS LTDA                    RUA CORONEL PEDRO DEMORO,2025                       88075301FLORIANOPOLIS  SC                                           000020
702822708930005833409600005765732397070000096543               323970700000497470000       0190000000     1701000097921 22032400000000293400010000 01N150324010000000000000190000000000000000000000000000000000000000000000231612731000111SOUZA & DUARTE RESTAURANTE E MERCEARI   R CONSELHEIRO MAFRA, 400 SL 01                      88010101FLORIANOPOLIS  SC                                           000021
702822708930005833409600005765732397070000096544               323970700000497150000       0190000000     1701000097882 22032400000000176040010000 01N150324010000000000000110000000000000000000000000000000000000000000000210485961000197FLORIPA PAO E CAFE LTDA                 AV PAULO FONTES, SN, BOX: 1 - ALA SUL               88010230FLORIANOPOLIS  SC                                           000022
702822708930005833409600005765732397070000096545               323970700000497160000       0190000000     1701000097883 18032400000000234780010000 01N150324010000000000000150000000000000000000000000000000000000000000000252854795000107LFD LANCHONETE LTDA                     R TRAJANO, 297                                      88010010FLORIANOPOLIS  SC                                           000023
702822708930005833409600005765732397070000096546               323970700000497480000       0190000000     1701000097922 30032400000000292620010000 01N150324010000000000000190000000000000000000000000000000000000000000000247079267000180J.S. COMERCIO DE ALIMENTOS LTDA         R CONSELHEIRO MAFRA, 378                            88010101FLORIANOPOLIS  SC                                           000024
702822708930005833409600005765732397070000096547               323970700000497450000       0190000000     1701000097919 22032400000000117360010000 01N150324010000000000000070000000000000000000000000000000000000000000000209230279000174LANCHONETE FELIPE SCHMIDT LTDA   ME     R FELIPE SCHMIDT,379                                88010000FLORIANOPOLIS  SC                                           000025
702822708930005833409600005765732397070000096548               323970700000497260000       0190000000     1701000097895 22032400000000120060010000 01N150324010000000000000080000000000000000000000000000000000000000000000202881104000188LANCHONETE VIEIRA LTDA                  R ANTONIO LUZ, 17, SL 04                            88010410FLORIANOPOLIS  SC                                           000026
702822708930005833409600005765732397070000096549               323970700000497190000       0190000000     1701000097886 22032400000000117360010000 01N150324010000000000000070000000000000000000000000000000000000000000000207027942000102MADEIRA & CIA LTDA                      R CRISPIM MIRA, 277                                 88020540FLORIANOPOLIS  SC                                           000027
702822708930005833409600005765732397070000096550               323970700000496980000       0190000000     1701000097868 30032400000000176160010000 01N150324010000000000000110000000000000000000000000000000000000000000000216939428000215BRISA PACK COM ALIMENTOS LTDA           AV LEDIO JOAO MARTINS,554                           88101101SAO JOSE       SC                                           000028
702822708930005833409600005765732397070000096551               323970700000496970000       0190000000     1701000097867 30032400000002689560010000 01N150324010000000000001800000000000000000000000000000000000000000000000216939428000304BRISA COMERCIO DE ALIMENTOS LTDA        AV MARECHAL CASTELO BRANCO,247                      88101020SAO JOSE       SC                                           000029
702822708930005833409600005765732397070000096552               323970700000497240000       0190000000     1701000097892 22032400000000273600010000 01N150324010000000000000180000000000000000000000000000000000000000000000244143138000115MERCADO EXPRESS FLORIANOPOLIS LTDA      R GENERAL BITTENCOURT, 64                           88020100FLORIANOPOLIS  SC                                           000030
702822708930005833409600005765732397070000096553               323970700000497100000       0190000000     1701000097894 30032400000000688020010000 01N150324010000000000000460000000000000000000000000000000000000000000000208971785000151TAVIANA EVANI DE SOUZA MATEUS   ME      ROD JOAO PAULO,671                                  88030300FLORIANOPOLIS  SC                                           000031
702822708930005833409600005765732397070000096554               323970700000497250000       0190000000     1701000097893 22032400000000283080010000 01N150324010000000000000180000000000000000000000000000000000000000000000225196190000195THAYNE DE OLIVEIRA MERCADO              R JOAO PINTO,78                                     88010420FLORIANOPOLIS  SC                                           000032
702822708930005833409600005765732397070000096555               323970700000497050000       0190000000     1701000097877 18032400000000178800010000 01N150324010000000000000110000000000000000000000000000000000000000000000243855710000106LUIZ RIVELINO VIVAN 82797587049         R JOAO BERNADINO DA ROSA, 901                       88137010PALHOCA        SC                                           000033
702822708930005833409600005765732397070000096556               323970700000497550000       0190000000     1701000097929 22032400000000101400010000 01N150324010000000000000060000000000000000000000000000000000000000000000236671643000104ROSEMERI MARIA ROCHA 51421372991        PC GETULIO VARGAS, 194                              88020030FLORIANOPOLIS  SC                                           000034
702822708930005833409600005765732397070000096557               323970700000497520000       0190000000     1701000097926 12042400000000343440010000 01N150324010000000000000230000000000000000000000000000000000000000000000283488882005415POSTO AGRICOPEL LTDA                    AV PAULO FONTES, 1136                               88010230FLORIANOPOLIS  SC                                           000035
702822708930005833409600005765732397070000096558               323970700000497350000       0190000000     1701000097908 22032400000000273420010000 01N150324010000000000000180000000000000000000000000000000000000000000000235743795000102AM FRESH MINI MERCADO LTDA              R DUARTE SCHUTEL,168                                88015640FLORIANOPOLIS  SC                                           000036
702822708930005833409600005765732397070000096559               323970700000497230000       0190000000     1701000097890 22032400000000117360010000 01N150324010000000000000070000000000000000000000000000000000000000000000277908226000110MINI MERCADO GRASEL LTDA                AV HERCILIO LUZ,975                                 88020001FLORIANOPOLIS  SC                                           000037
702822708930005833409600005765732397070000096560               323970700000497030000       0190000000     1701000097875 22032400000000208560010000 01N150324010000000000000130000000000000000000000000000000000000000000000221219680000109N L MINI MERCADO OLIVEIRA LTDA          R PADRE JOAO BATISTA REUS,1371                      88132300PALHOCA        SC                                           000038
702822708930005833409600005765732397070000096561               323970700000497270000       0190000000     1701000097898 18032400000000117360010000 01N150324010000000000000070000000000000000000000000000000000000000000000211484968000157LISBOA & LISBOA LANCHONETE LTDA   ME    PC PEREIRA OLIVEIRA,8                               88010540FLORIANOPOLIS  SC                                           000039
702822708930005833409600005765732397070000096562               323970700000497360000       0190000000     1701000097909 22032400000000440520010000 01N150324010000000000000290000000000000000000000000000000000000000000000242036060000104SABORES E PAES LTDA                     R DUARTE SCHUTEL, 162                               88015640FLORIANOPOLIS  SC                                           000040
702822708930005833409600005765732397070000096563               323970700000497340000       0190000000     1701000097907 30032400000000352140010000 01N150324010000000000000230000000000000000000000000000000000000000000000205517983000151L&L  CONFEITARIA EIRELI   ME            R ALMIRANTE LAMEGO,1480                             88015600FLORIANOPOLIS  SC                                           000041
702822708930005833409600005765732397070000096564               323970700000496990000       0190000000     1701000097870 22032400000000117420010000 01N150324010000000000000070000000000000000000000000000000000000000000000201644157000112CARLA REJANE GUIMARAES DE OLIVEIRA      R LUIZ FAGUNDES,51                                  88103500SAO JOSE       SC                                           000042
702822708930005833409600005765732397070000096565               323970700000497320000       0190000000     1701000097905 22032400000000176040010000 01N150324010000000000000110000000000000000000000000000000000000000000000200137439000160AIRES EUCLIDES GEMELLI ME               R OTTO GAMADENSE,837                                88015240FLORIANOPOLIS  SC                                           000043
702822708930005833409600005765732397070000096566               323970700000497400000       0190000000     1701000097914 18032400000000338880010000 01N150324010000000000000220000000000000000000000000000000000000000000000254030151000111PETISCOS DA CIDADE INDUSTRIA E COMERC   R FELIPE SCHIMIDT, 522                              88010000FLORIANOPOLIS  SC                                           000044
702822708930005833409600005765732397070000096567               323970700000497170000       0190000000     1701000097884 22032400000000101400010000 01N150324010000000000000060000000000000000000000000000000000000000000000235697046000196AMANDA ALVES FERNANDES                  PC PEREIRA OLIVEIRA,18                              88010540FLORIANOPOLIS  SC                                           000045
702822708930005833409600005765732397070000096568               323970700000497110000       0190000000     1701000097897 22032400000000218880010000 01N150324010000000000000140000000000000000000000000000000000000000000000223830528000193AUTO POSTO MONTE VERDE EIRELI           ROD VIRGILIO VARZEA,460                             88032000FLORIANOPOLIS  SC                                           000046
702822708930005833409600005765732397070000096569               323970700000497540000       0190000000     1701000097928 22032400000000117360010000 01N150324010000000000000070000000000000000000000000000000000000000000000209350585000144ROSELITA VIEIRA   EPP                   R FRANCISCO TOLENTINO,315                           88010900FLORIANOPOLIS  SC                                           000047
702822708930005833409600005765732397070000096570               323970700000497180000       0190000000     1701000097885 18032400000000101400010000 01N150324010000000000000060000000000000000000000000000000000000000000000203277003000165ADRIANO MIRANDA   ME                    R BULCAO VIANA,5                                    88020160FLORIANOPOLIS  SC                                           000048
702822708930005833409600005765732397070000096571               323970700000497420000       0190000000     1701000097916 18032400000000176040010000 01N150324010000000000000110000000000000000000000000000000000000000000000210610568000188QUIOSQUE DA ILHA COMERCIO DE ALIMENTO   R FRANCISCO TOLENTINO,SN                            88010200FLORIANOPOLIS  SC                                           000049
702822708930005833409600005765732397070000096572               323970700000497510000       0190000000     1701000097925 18032400000000176040010000 01N150324010000000000000110000000000000000000000000000000000000000000000210610568000188QUIOSQUE DA ILHA COMERCIO DE ALIMENTO   R FRANCISCO TOLENTINO,SN                            88010200FLORIANOPOLIS  SC                                           000050
702822708930005833409600005765732397070000096573               323970700000497430000       0190000000     1701000097917 22032400000000109380010000 01N150324010000000000000070000000000000000000000000000000000000000000000273567729000118EMERSON MARTINS   ME                    R FRANCISCO TOLENTINO,SN                            88010200FLORIANOPOLIS  SC                                           000051
702822708930005833409600005765732397070000096574               323970700000497410000       0190000000     1701000097915 22032400000000891000010000 01N150324010000000000000590000000000000000000000000000000000000000000000220079368000609TRYX ACOES INTELIGENTES LTDA            AV PREFEITO OSMAR CUNHA, 416, SL 1108               88015100FLORIANOPOLIS  SC                                           000052
702822708930005833409600005765732397070000096575               323970700000497210000       0190000000     1701000097888 18032400000000202800010000 01N150324010000000000000130000000000000000000000000000000000000000000000231239265000170DAVINER BRUNO MEDEIROS RESTAURANTE LT   R FERNANDO MACHADO,39                               88010510FLORIANOPOLIS  SC                                           000053
702822708930005833409600005765732397070000096576               323970700000497310000       0190000000     1701000097904 22032400000000218760010000 01N150324010000000000000140000000000000000000000000000000000000000000000239741515000188RESTAURANTE ESTEVES SHOPPING LTDA       RUA ESTEVES JUNIOR, 237                             88015130FLORIANOPOLIS  SC                                           000054
702822708930005833409600005765732397070000096577               323970700000497490000       0190000000     1701000097923 22032400000000336120010000 01N150324010000000000000220000000000000000000000000000000000000000000000226263431000134DANIEL CARVALHO SANT ANNA               R JERONIMO COELHO, 95                               88010030FLORIANOPOLIS  SC                                           000055
702822708930005833409600005765732397070000096578               323970700000497500000       0190000000     1701000097924 22032400000000280200010000 01N150324010000000000000180000000000000000000000000000000000000000000000226263431000134DANIEL CARVALHO SANT ANNA               R JERONIMO COELHO, 95                               88010030FLORIANOPOLIS  SC                                           000056
702822708930005833409600005765732397070000096579               323970700000497300000       0190000000     1701000097903 22032400000000158790010000 01N150324010000000000000100000000000000000000000000000000000000000000000209499881000101RESTAURANTE MUNDIAL DE COMIDA NATURAL   R ESTEVES JUNIOR, 50, LJ 14                         88015130FLORIANOPOLIS  SC                                           000057
702822708930005833409600005765732397070000096580               323970700000497130000       0190000000     1701000097901 22032400000000427980010000 01N150324010000000000000280000000000000000000000000000000000000000000000233843965000103SQUARE MARKET MERCADO LTDA              ROD SC  401,5500                                    88032005FLORIANOPOLIS  SC                                           000058
702822708930005833409600005765732397070000096581               323970700000497010000       0190000000     1701000097872 30032400000000855720010000 01N150324010000000000000570000000000000000000000000000000000000000000000282954983000160PIERRI SUPERMERCADOS LTDA               AV ANICETO ZACCHI,587                               88130301PALHOCA        SC                                           000059
702822708930005833409600005765732397070000096582               323970700000497290000       0190000000     1701000097902 22032400000000352080010000 01N150324010000000000000230000000000000000000000000000000000000000000000252155376000179VILLA DA ILHA RESTAURANTE LTDA          R ESTEVES JUNIOR, 341                               88015130FLORIANOPOLIS  SC                                           000060
702822708930005833409600005765732397070000096583               323970700000497140000       0190000000     1701000097881 22032400000000474840010000 01N150324010000000000000310000000000000000000000000000000000000000000000204188977000135WITTELLO RESTAURANTE E LANCHONETE LTD   R MENINO DEUS,376                                   88020210FLORIANOPOLIS  SC                                           000061
9                                                                                                                                                                                                                                                                                                                                                                                                         000062
