01REMESSA01COBRANCA       34096000057657000000AGROPRATINHA S/A              001BANCO DO BRASIL1903240000002                      3239707                                                                                                                                                                                                                                                                  000001
702822708930005833409600005765732397070000096677               323970700000498550000       0190000000     1701000098020 25032400000000176040010000 01N180324010000000000000110000000000000000000000000000000000000000000000235973689000115ACOUGUE AURINO LTDA                     R JOAO MEIRELLES,995                                88085200FLORIANOPOLIS  SC                                           000002
702822708930005833409600005765732397070000096678               323970700000498540000       0190000000     1701000098017 02042400000000449940010000 01N180324010000000000000300000000000000000000000000000000000000000000000201295134000140ARACY PAN PANIFICADORA. LANCHONETE E    R ARACY VAZ CALLADO,1042                            88070750FLORIANOPOLIS  SC                                           000003
702822708930005833409600005765732397070000096679               323970700000498070000       0190000000     1701000097984 02042400000000475770010000 01N180324010000000000000310000000000000000000000000000000000000000000000218604905000136ARMAZEM TAVIANA COMERCIO DE GENEROS A   ROD JOAO PAULO,224                                  88030300FLORIANOPOLIS  SC                                           000004
702822708930005833409600005765732397070000096680               323970700000497970000       0190000000     1701000097969 25032400000000371580010000 01N180324010000000000000240000000000000000000000000000000000000000000000219410290000170ATOMO MINIMERCADO EIRELI                AVENIDA LUIZ BOITEUX PIAZZA,3656                    88056000FLORIANOPOLIS  SC                                           000005
702822708930005833409600005765732397070000096681               323970700000498090000       0190000000     1701000097986 25032400000000176040010000 01N180324010000000000000110000000000000000000000000000000000000000000000228125610000130BARIO RESTAURANTE E CAFE LTDA           AV LUIZ BOITEUX PIAZZA, 1302 TERREO M               88056001FLORIANOPOLIS  SC                                           000006
702822708930005833409600005765732397070000096682               323970700000497870000       0190000000     1701000097953 25032400000000234840010000 01N180324010000000000000150000000000000000000000000000000000000000000000238215959000117N&C COMERCIO DE COMBUSTIVEIS LTDA       AV LUIZ BOITEUX PIAZZA,2099                         88056000FLORIANOPOLIS  SC                                           000007
702822708930005833409600005765732397070000096683               323970700000498700000       0190000000     1701000098051 25032400000000117360010000 01N180324010000000000000070000000000000000000000000000000000000000000000237375993000196MAK PERFORMANCE MANUTENCAO AUTOMOTIVA   R PREFEITO DIB CHEREM, 2238                         88090000FLORIANOPOLIS  SC                                           000008
702822708930005833409600005765732397070000096684               323970700000498570000       0190000000     1701000098023 02042400000000234720010000 01N180324010000000000000150000000000000000000000000000000000000000000000204653883000190MF SILVA LTDA                           RUA JORNALISTA IDELFONSO JUVENAL,0010               88070230FLORIANOPOLIS  SC                                           000009
702822708930005833409600005765732397070000096685               323970700000498030000       0190000000     1701000097977 25032400000000151680010000 01N180324010000000000000100000000000000000000000000000000000000000000000217590663000106ISRAEL ROSINO DOS SANTOS                R LEONEL PEREIRA,1852                               88056300FLORIANOPOLIS  SC                                           000010
702822708930005833409600005765732397070000096686               323970700000498490000       0190000000     1701000098007 25032400000000160080010000 01N180324010000000000000100000000000000000000000000000000000000000000000248855663000114RODRIGO DE SOUZA VIEIRA                 R MANOEL LOUREIRO, 1834 CASA                        88117331SAO JOSE       SC                                           000011
702822708930005833409600005765732397070000096687               323970700000498080000       0190000000     1701000097985 02042400000000199080010000 01N180324010000000000000130000000000000000000000000000000000000000000000239579910000106QUIOSQUE DA NUTRI LTDA                  ROD TERTULIANO BRITO XAVIER, 989                    88054600FLORIANOPOLIS  SC                                           000012
702822708930005833409600005765732397070000096688               323970700000498670000       0190000000     1701000098045 25032400000000749820010000 01N180324010000000000000500000000000000000000000000000000000000000000000209644068000188PADARIA E CONFEITARIA DEMARCHI LTDA M   AV GOVERNADOR IVO SILVEIRA,1396                     88085000FLORIANOPOLIS  SC                                           000013
702822708930005833409600005765732397070000096689               323970700000498200000       0190000000     1701000098000 02042400000000435600010000 01N180324010000000000000290000000000000000000000000000000000000000000000229629295000141ON THE ROAD LTDA EPP                    RODOVIA JOSE CARLOS DAUX,5500                       88032005FLORIANOPOLIS  SC                                           000014
702822708930005833409600005765732397070000096690               323970700000498050000       0190000000     1701000097982 21032400000000101460010000 01N180324010000000000000060000000000000000000000000000000000000000000000228117889000100JOSE BEZERRA DA SILVA FILHO             R DO KALIFA, 480, LJ 13                             88054130FLORIANOPOLIS  SC                                           000015
702822708930005833409600005765732397070000096691               323970700000498480000       0190000000     1701000098006 25032400000000221760010000 01N180324010000000000000140000000000000000000000000000000000000000000000232090065000161COELHO MERCEARIA E PADARIA LTDA         R SANTO ANTONIO, 768  LOJA 02                       88117350SAO JOSE       SC                                           000016
702822708930005833409600005765732397070000096692               323970700000497830000       0190000000     1701000097949 21032400000000176160010000 01N180324010000000000000110000000000000000000000000000000000000000000000221887085000141RENILDE BITTENCOURT 58465782920         AV LUIZ BOITEUX PIAZZA, 6243                        88056701FLORIANOPOLIS  SC                                           000017
702822708930005833409600005765732397070000096693               323970700000498680000       0190000000     1701000098047 25032400000000176100010000 01N180324010000000000000110000000000000000000000000000000000000000000000251663887000139PADARIA JUCIANE PEDRON LTDA             R THIAGO DA FONSECA, 384                            88085100FLORIANOPOLIS  SC                                           000018
702822708930005833409600005765732397070000096694               323970700000497890000       0190000000     1701000097955 25032400000000237480010000 01N180324010000000000000150000000000000000000000000000000000000000000000218809234000301F. DE SOUZA                             R MADRE MARIA VILAC, 270                            88054000FLORIANOPOLIS  SC                                           000019
702822708930005833409600005765732397070000096695               323970700000498770000       0190000000     1701000098063 25032400000000176100010000 01N180324010000000000000110000000000000000000000000000000000000000000000227550918000160FAST COMERCIO DE COMBUSTIVEIS LTDA      RUA CORONEL PEDRO DEMORO,1760                       88075300FLORIANOPOLIS  SC                                           000020
702822708930005833409600005765732397070000096696               323970700000498140000       0190000000     1701000097994 21032400000000176040010000 01N180324010000000000000110000000000000000000000000000000000000000000000244453758000150PAULO ROBERTO DOS SANTOS 71316361934    AV DAS NACOES, 342                                  88054010FLORIANOPOLIS  SC                                           000021
702822708930005833409600005765732397070000096697               323970700000498750000       0190000000     1701000098061 25032400000000234720010000 01N180324010000000000000150000000000000000000000000000000000000000000000215636862000182RESTAURANTE LUCIANY GIASSI LTDA         R GERONCIO THIVES,1079                              88117290SAO JOSE       SC                                           000022
702822708930005833409600005765732397070000096698               323970700000498210000       0190000000     1701000098001 25032400000000455430010000 01N180324010000000000000300000000000000000000000000000000000000000000000248980058000175KORA COMERCIO DE ALIMENTOS LTDA         R MADRE MARIA VILAC, 217                            88054000FLORIANOPOLIS  SC                                           000023
702822708930005833409600005765732397070000096699               323970700000498180000       0190000000     1701000097998 21032400000000117360010000 01N180324010000000000000070000000000000000000000000000000000000000000000223095280000164LOS HORNOS EMPANADAS ARGENTINAS LTDA    R MADRE MARIA VILAC, 1614                           88054001FLORIANOPOLIS  SC                                           000024
702822708930005833409600005765732397070000096700               323970700000498580000       0190000000     1701000098025 02042400000000548070010000 01N180324010000000000000360000000000000000000000000000000000000000000000207757491000320MS INDUSTRIA E COMERCIO DE PRODUTOS A   R FRANCISCO JACINTO DE MELO, 884                    88113300SAO JOSE       SC                                           000025
702822708930005833409600005765732397070000096701               323970700000498590000       0190000000     1701000098027 02042400000000548070010000 01N180324010000000000000360000000000000000000000000000000000000000000000207757491000401MS INDUSTRIA E COMERCIO DE PRODUTOS A   R ISALTINA PAULA CIDADE, 16                         88110065SAO JOSE       SC                                           000026
702822708930005833409600005765732397070000096702               323970700000498730000       0190000000     1701000098059 25032400000000160020010000 01N180324010000000000000100000000000000000000000000000000000000000000000226449662000137MAMMA VEG GASTRONOMIA LTDA              R SANTOS SARAIVA, 416                               88070100FLORIANOPOLIS  SC                                           000027
702822708930005833409600005765732397070000096703               323970700000497780000       0190000000     1701000097943 25032400000000117420010000 01N180324010000000000000070000000000000000000000000000000000000000000000237328685000100MAURINHO CAVALCANTE DOS SANTOS E CIA    EST CRISTOVAO MACHADO DE CAMPOS, 899                88052600FLORIANOPOLIS  SC                                           000028
702822708930005833409600005765732397070000096704               323970700000498060000       0190000000     1701000097983 02042400000000237540010000 01N180324010000000000000150000000000000000000000000000000000000000000000252790127000155MERCADO & PADARIA CANASVIEIRAS LTDA     R APOSTOLO PASCHOAL, 1036                           88054101FLORIANOPOLIS  SC                                           000029
702822708930005833409600005765732397070000096705               323970700000497950000       0190000000     1701000097967 21032400000000237540010000 01N180324010000000000000150000000000000000000000000000000000000000000000247604949000164MERCADO AZAMBUJA LTDA                   R FRANCISCO FAUSTO MARTINS, 566                     88052810FLORIANOPOLIS  SC                                           000030
702822708930005833409600005765732397070000096706               323970700000497800000       0190000000     1701000097945 02042400000000777720010000 01N180324010000000000000520000000000000000000000000000000000000000000000235423737000100HELTON JOSE VIEIRA EIRELI               R ANTONIO HEIL,258                                  88054160FLORIANOPOLIS  SC                                           000031
702822708930005833409600005765732397070000096707               323970700000498160000       0190000000     1701000097996 25032400000000443460010000 01N180324010000000000000290000000000000000000000000000000000000000000000213709200000160BM MINIMERCADO E SORVETERIA LTDA ME     AV MADRE MARIA VILLAC,1481                          88054001FLORIANOPOLIS  SC                                           000032
702822708930005833409600005765732397070000096708               323970700000497720000       0190000000     1701000097935 25032400000000221700010000 01N180324010000000000000140000000000000000000000000000000000000000000000231138256000193ILHA BELLA MERCADO EIRELLE              ROD JOAO PAULO,1115                                 88030030FLORIANOPOLIS  SC                                           000033
702822708930005833409600005765732397070000096709               323970700000498500000       0190000000     1701000098009 02042400000000416400010000 01N180324010000000000000270000000000000000000000000000000000000000000000241593499000175MINIMERCADO SILVA E KNOBLAUCH LTDA      RUA FELIPE NEVES, 802 LOJA 01                       88090421FLORIANOPOLIS  SC                                           000034
702822708930005833409600005765732397070000096710               323970700000497990000       0190000000     1701000097971 25032400000000283140010000 01N180324010000000000000180000000000000000000000000000000000000000000000214800781000103ROSECLER DE MOURA                       AVENIDA LUIZ BOITEUX PIAZZA,5742                    88056682FLORIANOPOLIS  SC                                           000035
702822708930005833409600005765732397070000096711               323970700000498100000       0190000000     1701000097987 02042400000000396960010000 01N180324010000000000000260000000000000000000000000000000000000000000000203887054000109MINI MERCADO BADO LTDA ME               ESTRADA CRISTOVAO MACHADO DE CAMPOS                 88052600FLORIANOPOLIS  SC                                           000036
702822708930005833409600005765732397070000096712               323970700000498110000       0190000000     1701000097988 21032400000000293640010000 01N180324010000000000000190000000000000000000000000000000000000000000000211326718000199ALINE LEHMKUHL                          AV MADRE MARIA VILLAC,1924, LOTE 236                88054001FLORIANOPOLIS  SC                                           000037
702822708930005833409600005765732397070000096713               323970700000497740000       0190000000     1701000097939 25032400000000220740010000 01N180324010000000000000140000000000000000000000000000000000000000000000208923585000123MINIMERCADO PUCCI LTDA    ME            ROD JOAO PAULO,1461                                 88030300FLORIANOPOLIS  SC                                           000038
702822708930005833409600005765732397070000096714               323970700000498760000       0190000000     1701000098062 25032400000000178800010000 01N180324010000000000000110000000000000000000000000000000000000000000000280461569000193JOAO JORGE BATISTA FILHO ME             R JOAO MEIRELLES,SN                                 88000000FLORIANOPOLIS  SC                                           000039
702822708930005833409600005765732397070000096715               323970700000498560000       0190000000     1701000098021 25032400000000280200010000 01N180324010000000000000180000000000000000000000000000000000000000000000204774333000129LUDVIG COMERCIO DE ALIMENTOS LTDA   M   R JOSE CANDIDO DA SILVA,432                         88075250FLORIANOPOLIS  SC                                           000040
702822708930005833409600005765732397070000096716               323970700000498650000       0190000000     1701000098041 25032400000000498480010000 01N180324010000000000000330000000000000000000000000000000000000000000000280466857000130MINI MERCADO CAPOEIRAS LTDA   EPP       R WALDEMAR OURIQUES,50                              88090050FLORIANOPOLIS  SC                                           000041
702822708930005833409600005765732397070000096717               323970700000497760000       0190000000     1701000097941 25032400000000117420010000 01N180324010000000000000070000000000000000000000000000000000000000000000230926793000135LORECI DOS SANTOS                       R CRISTOVAO MACHADO DE CAMPOS,1240                  88052600FLORIANOPOLIS  SC                                           000042
702822708930005833409600005765732397070000096718               323970700000498740000       0190000000     1701000098060 25032400000000400020010000 01N180324010000000000000260000000000000000000000000000000000000000000000216677870000130MARQUES COMERCIO DE ALIMENTOS LTDA ME   R FELIPE NEVES, 348                                 88070760FLORIANOPOLIS  SC                                           000043
702822708930005833409600005765732397070000096719               323970700000498460000       0190000000     1701000098003 02042400000000784980010000 01N180324010000000000000520000000000000000000000000000000000000000000000213213779000175MINIMERCADO FRONZA LTDA   ME            R SANTO ANTONIO,445                                 88117350SAO JOSE       SC                                           000044
702822708930005833409600005765732397070000096720               323970700000498010000       0190000000     1701000097973 21032400000000221580010000 01N180324010000000000000140000000000000000000000000000000000000000000000217274113000188MINIMERCADO PRAIA BRAVA JONES LTDA      AV TOM TRAUGOTT WILDI,556                           88056800FLORIANOPOLIS  SC                                           000045
702822708930005833409600005765732397070000096721               323970700000498120000       0190000000     1701000097990 25032400000000787920010000 01N180324010000000000000520000000000000000000000000000000000000000000000207315485000151RENATO MONTEIRO COUTINHO   ME           ROD VIRGILIO VARZEA,4720                            88054605FLORIANOPOLIS  SC                                           000046
702822708930005833409600005765732397070000096722               323970700000498520000       0190000000     1701000098013 25032400000000426300010000 01N180324010000000000000280000000000000000000000000000000000000000000000206207999000120NAMU RESTAURANTE LTDA ME                R DOMINGOS COELHO,150                               88160308BIGUACU        SC                                           000047
702822708930005833409600005765732397070000096723               323970700000498630000       0190000000     1701000098035 02042400000003521160010000 01N180324010000000000002350000000000000000000000000000000000000000000000285244960000150OK SUPERMERCADO LTDA                    R WALDEMAR OURIQUES,19                              88090050FLORIANOPOLIS  SC                                           000048
702822708930005833409600005765732397070000096724               323970700000498600000       0190000000     1701000098029 25032400000000339120010000 01N180324010000000000000220000000000000000000000000000000000000000000000206994431000105PANIFICADORA E CONFEITARIA PADRE ROMA   R WALDEMAR OURIQUES,619                             88090051FLORIANOPOLIS  SC                                           000049
702822708930005833409600005765732397070000096725               323970700000498510000       0190000000     1701000098011 25032400000000341760010000 01N180324010000000000000220000000000000000000000000000000000000000000000239818858000101PANIFIC. E CONFEITARIA CONTINENTE LTD   RUA JOSE BONIFACIO, 415                             88070770FLORIANOPOLIS  SC                                           000050
702822708930005833409600005765732397070000096726               323970700000498660000       0190000000     1701000098043 25032400000000234780010000 01N180324010000000000000150000000000000000000000000000000000000000000000253717029000155MACHADO COM. DE ALIMENTOS LTDA          R SANTOS SARAIVA , 1026                             88070100FLORIANOPOLIS  SC                                           000051
702822708930005833409600005765732397070000096727               323970700000498470000       0190000000     1701000098005 25032400000000280140010000 01N180324010000000000000180000000000000000000000000000000000000000000000206087458000106PANIFICADORA E CONFEITARIA MARCIPAN L   R NOSSA SENHORA APARECIDA,406                       88117020SAO JOSE       SC                                           000052
702822708930005833409600005765732397070000096728               323970700000498640000       0190000000     1701000098039 25032400000000339120010000 01N180324010000000000000220000000000000000000000000000000000000000000000200160049000101PANIFICADORA LEAL LTDA   ME             R RAIMUNDO CORREIA,439                              88075200FLORIANOPOLIS  SC                                           000053
702822708930005833409600005765732397070000096729               323970700000498690000       0190000000     1701000098049 25032400000000176160010000 01N180324010000000000000110000000000000000000000000000000000000000000000253898986000125PANIFICADORA VO ZULMA LTDA              R MEDICO MIGUEL SALLES CAVALCANTI, 12               88085240FLORIANOPOLIS  SC                                           000054
702822708930005833409600005765732397070000096730               323970700000498130000       0190000000     1701000097992 21032400000000352080010000 01N180324010000000000000230000000000000000000000000000000000000000000000200885222000139PIZZERIA ISOLA D ELBA LTDA              AV LUIZ BOITEUX PIAZZA, 3540                        88056000FLORIANOPOLIS  SC                                           000055
702822708930005833409600005765732397070000096731               323970700000498710000       0190000000     1701000098053 25032400000000176040010000 01N180324010000000000000110000000000000000000000000000000000000000000000244650865000179RESTAURANTE PONTO LIGHT LTDA            R JOAO MEIRELLES, 978                               88085201FLORIANOPOLIS  SC                                           000056
702822708930005833409600005765732397070000096732               323970700000498530000       0190000000     1701000098015 02042400000001405080010000 01N180324010000000000000940000000000000000000000000000000000000000000000206333995000199FLORIPETRO COMERCIO DE COMBUSTIVEIS L   AVENIDA ENGENHEIRO MAX DE SOUZA,1387                88080000FLORIANOPOLIS  SC                                           000057
702822708930005833409600005765732397070000096733               323970700000498170000       0190000000     1701000097997 02042400000000234840010000 01N180324010000000000000150000000000000000000000000000000000000000000000240050984000130POSTO MAHALO LTDA                       ROD JOSE CARLOS DAUX, 17601 KM 18                   88052849FLORIANOPOLIS  SC                                           000058
702822708930005833409600005765732397070000096734               323970700000498610000       0190000000     1701000098031 25032400000000128160010000 01N180324010000000000000080000000000000000000000000000000000000000000000207532200000134RDO COMUNICACAO VISUAL LTDA             R MAURICIO SIROTSKY SOBRINHO, 4567                  88053700FLORIANOPOLIS  SC                                           000059
702822708930005833409600005765732397070000096735               323970700000498720000       0190000000     1701000098055 25032400000000176040010000 01N180324010000000000000110000000000000000000000000000000000000000000000251952862000155PIERO ADEGA E EVENTOS LTDA              R GERONCIO THIVES, 1079                             88117900SAO JOSE       SC                                           000060
702822708930005833409600005765732397070000096736               323970700000497820000       0190000000     1701000097947 25032400000000754890010000 01N180324010000000000000500000000000000000000000000000000000000000000000241470803000197SACOLAO CACHOEIRA LTDA                  AV LUIZ BOITEUX PIAZZA, 2668 SL 01                  88054700FLORIANOPOLIS  SC                                           000061
702822708930005833409600005765732397070000096737               323970700000498780000       0190000000     1701000098064 25032400000000184440010000 01N180324010000000000000120000000000000000000000000000000000000000000000235853031000170RITA DE CASSIA RONCUNI                  R KOESA, 247                                        88102310SAO JOSE       SC                                           000062
702822708930005833409600005765732397070000096738               323970700000497910000       0190000000     1701000097961 02042400000001897950010000 01N180324010000000000001270000000000000000000000000000000000000000000000277884070000265SUPERMERCADO FORTE COMERCIO VAREJISTA   R LUIZ BOITEAUX PIAZZA, 6208                        88056000FLORIANOPOLIS  SC                                           000063
702822708930005833409600005765732397070000096739               323970700000497930000       0190000000     1701000097963 02042400000003576060010000 01N180324010000000000002390000000000000000000000000000000000000000000000277884070000184SUPERMERCADO FORTE COMERCIO VAREJISTA   R LEONEL PEREIRA,99                                 88056300FLORIANOPOLIS  SC                                           000064
702822708930005833409600005765732397070000096740               323970700000498150000       0190000000     1701000097995 02042400000000100920010000 01N180324010000000000000060000000000000000000000000000000000000000000000214134606000124SUPERMERCADO SERRA & MAR LTDA    ME     R LEONEL PEREIRA,1144                               88056300FLORIANOPOLIS  SC                                           000065
702822708930005833409600005765732397070000096741               323970700000498040000       0190000000     1701000097979 15042400000000675300010000 01N180324010000000000000450000000000000000000000000000000000000000000000201533830000309TOP DA ILHA SUPERMERCADOS LTDA          ROD TERTULIANO BRITO XAVIER, 1449 SAL               88054601FLORIANOPOLIS  SC                                           000066
702822708930005833409600005765732397070000096742               323970700000498190000       0190000000     1701000097999 25032400000000105420010000 01N180324010000000000000070000000000000000000000000000000000000000000000219383964000194ILHA CAFE LTDA                          R ENNIO DEMARIA CAVALLAZZI, 49, SL 02               88056820FLORIANOPOLIS  SC                                           000067
702822708930005833409600005765732397070000096743               323970700000497850000       0190000000     1701000097951 25032400000000117360010000 01N180324010000000000000070000000000000000000000000000000000000000000000228862968000146FD RESTAURANTE E CHURRASCARIA LTDA      AV LUIZ BOITEUX PIAZZA, 6208                        88056001FLORIANOPOLIS  SC                                           000068
702822708930005833409600005765732397070000096744               323970700000498620000       0190000000     1701000098033 25032400000000176100010000 01N180324010000000000000110000000000000000000000000000000000000000000000209023621000165RESTAURANTE E MINIMERCADO VANDRESEN L   RUA JUSTINO LEITE NETO,10                           88108330SAO JOSE       SC                                           000069
9                                                                                                                                                                                                                                                                                                                                                                                                         000070
